@book{as2013BasisboekKwantitatieveMethoden,
  title = {Basisboek kwantitatieve methoden: statistiek met Exceltoepassingen},
  shorttitle = {Basisboek kwantitatieve methoden},
  author = {family=As, given=Donald, prefix=van, useprefix=false and Klouwen, Jaap},
  date = {2013},
  edition = {2e herz. dr},
  publisher = {Coutinho},
  location = {Bussum},
  isbn = {978-90-469-6457-6},
  langid = {dutch},
  keywords = {/unread},
  annotation = {OCLC: 999407537}
}